<?xml version="1.0" encoding="UTF-8"?><record xmlns="http://www.loc.gov/MARC21/slim" xmlns:cinclude="http://apache.org/cocoon/include/1.0" xmlns:zs="http://www.loc.gov/zing/srw/">
  <leader>00617cz  a2200169n  4500</leader>
  <controlfield tag="001">n  85100778 </controlfield>
  <controlfield tag="003">DLC</controlfield>
  <controlfield tag="005">20141209075451.0</controlfield>
  <controlfield tag="008">850514n| azannaab           |a aaa      </controlfield>
  <datafield tag="010" ind1=" " ind2=" ">
    <subfield code="a">n  85100778 </subfield>
  </datafield>
  <datafield tag="040" ind1=" " ind2=" ">
    <subfield code="a">DLC</subfield>
    <subfield code="b">eng</subfield>
    <subfield code="e">rda</subfield>
    <subfield code="c">DLC</subfield>
    <subfield code="d">DLC</subfield>
  </datafield>
  <datafield tag="100" ind1="1" ind2=" ">
    <subfield code="a">Shkolʹnikov, S. P.</subfield>
    <subfield code="q">(Semen Pavlovich)</subfield>
  </datafield>
  <datafield tag="378" ind1=" " ind2=" ">
    <subfield code="q">Semen Pavlovich</subfield>
  </datafield>
  <datafield tag="400" ind1="1" ind2="0">
    <subfield code="w">nna</subfield>
    <subfield code="a">Shkolʹnikov, Semen Pavlovich</subfield>
  </datafield>
  <datafield tag="400" ind1="1" ind2="0">
    <subfield code="a">Školnikov, S. P.</subfield>
    <subfield code="q">(Semen Pavlovich)</subfield>
  </datafield>
  <datafield tag="670" ind1=" " ind2=" ">
    <subfield code="a">His Historialliset päähineet, kampaukset ja korut, 1984:</subfield>
    <subfield code="b">t.p. (S.P. Školnikov)</subfield>
  </datafield>
  <datafield tag="670" ind1=" " ind2=" ">
    <subfield code="a">LC manual cat., 4-29-85</subfield>
    <subfield code="b">(hdg.: Shkolʹnikov, Semen Pavlovich; usage: S.P. Shkolʹnikov)</subfield>
  </datafield>
</record>